<record><leader>00000cas a22000007a 4500</leader><controlfield tag="001">12605764</controlfield><controlfield tag="008">850926d19221925iauwr ne      0    0eng d</controlfield><datafield ind1=" " ind2=" " tag="010"><subfield code="a">sn 85049710 </subfield></datafield><datafield ind1=" " ind2=" " tag="040"><subfield code="a">INP</subfield><subfield code="b">eng</subfield><subfield code="c">INP</subfield><subfield code="d">OCLCQ</subfield></datafield><datafield ind1=" " ind2=" " tag="042"><subfield code="a">msc</subfield></datafield><datafield ind1="0" ind2="0" tag="245"><subfield code="a">Mt. Vernon hawk-eye and Lisbon herald.</subfield></datafield><datafield ind1="3" ind2="0" tag="246"><subfield code="a">Mount Vernon hawk eye and Lisbon herald</subfield></datafield><datafield ind1="3" ind2="0" tag="246"><subfield code="a">Lisbon herald</subfield></datafield><datafield ind1="1" ind2="3" tag="246"><subfield code="a">Hawk-eye and herald</subfield></datafield><datafield ind1="1" ind2="3" tag="246"><subfield code="a">Hawkeye herald</subfield></datafield><datafield ind1=" " ind2=" " tag="260"><subfield code="a">[Mount Vernon, Iowa] :</subfield><subfield code="b">Aug. A. Bauman,</subfield><subfield code="c">1922-1925.</subfield></datafield><datafield ind1=" " ind2=" " tag="300"><subfield code="a">4 v. :</subfield><subfield code="b">ill. ;</subfield><subfield code="c">66 cm.</subfield></datafield><datafield ind1=" " ind2=" " tag="310"><subfield code="a">Weekly</subfield></datafield><datafield ind1="0" ind2=" " tag="362"><subfield code="a">Vol. 52, no. 4 (Dec. 21, 1922)-v. 55, no. 36 (July 30, 1925).</subfield></datafield><datafield ind1=" " ind2=" " tag="500"><subfield code="a">"Consolidation of the Mount Vernon hawk-eye and Lisbon herald."</subfield></datafield><datafield ind1=" " ind2=" " tag="500"><subfield code="a">"A community newspaper--always for the home territory first."</subfield></datafield><datafield ind1=" " ind2=" " tag="752"><subfield code="a">United States</subfield><subfield code="b">Iowa</subfield><subfield code="c">Linn</subfield><subfield code="d">Mount Vernon.</subfield></datafield><datafield ind1=" " ind2=" " tag="752"><subfield code="a">United States</subfield><subfield code="b">Iowa</subfield><subfield code="c">Linn</subfield><subfield code="d">Lisbon.</subfield></datafield><datafield ind1="0" ind2="4" tag="780"><subfield code="t">Mount Vernon hawk-eye</subfield><subfield code="w">(DLC)sn 84027262</subfield></datafield><datafield ind1="0" ind2="4" tag="780"><subfield code="t">Lisbon herald (Lisbon, Iowa)</subfield><subfield code="w">(DLC)sn 85050881</subfield></datafield><datafield ind1="0" ind2="7" tag="785"><subfield code="t">Mount Vernon record (Mount Vernon, Iowa)</subfield><subfield code="w">(DLC)sn 85049709</subfield></datafield><datafield ind1="0" ind2="7" tag="785"><subfield code="t">Mount Vernon hawkeye-record and the Lisbon herald</subfield><subfield code="w">(DLC)sn 85050861</subfield></datafield></record>